ISA*00*          *00*          *01*042064683      *30*562291693      *250811*0418*|*00501*000090745*0*P*:~
GS*HP*042064683*562291693*20250811*04184220*90630*X*005010X221A1~
ST*835*2330~
BPR*I*0*C*ACH*CCP*01*011900445*DA*0000009046*1066033492**01*071901604*DA*610058134*20250814~
TRN*1*825223000193519*1066033492~
REF*EV*562291693~
DTM*405*20250811~
N1*PR*AETNA~
N3*151 FARMINGTON AVENUE~
N4*HARTFORD*CT*06156~
PER*BL*Provider Service~
N1*PE*HOLISTA LLC.*XX*1649443912~
N3*N92W14612 ANTHONY AVE~
N4*MENOMONEE FLS*WI*530511632~
REF*PQ*981400720~
REF*TJ*391938014~
LX*2~
TS3*1649443912*11*20251231*180*0~
CLP*00000000003452772*1*100*0*77*13*E0Y2M7V7P0000*11*1~
NM1*QC*1*SARANYA*YAZHINI~
NM1*IL*1*DHAYALAN*KARTHIK****MI*W263363264~
NM1*82*2*HOLISTA, LLC*****XX*1649443912~
REF*1L*0170237-011-00001-AB~
REF*CE*Aetna Choice  POS II NET 00338~
DTM*232*20250728~
DTM*233*20250728~
DTM*050*20250805~
PER*CX**TE*8886323862~
AMT*AU*100~
SVC*HC:92507:GN:96*100*0**1~
DTM*472*20250728~
CAS*CO*45*23~
CAS*PR*1*77~
REF*6R*00000000001~
AMT*B6*77~
SE*34*2330~
GE*1*90630~
IEA*1*000090745~