ISA*00*          *00*          *01*042064683      *30*562291693      *250808*0442*|*00501*000090679*0*P*:~
GS*HP*042064683*562291693*20250808*04421388*90564*X*005010X221A1~
ST*835*3975~
BPR*I*57.67*C*ACH*CCP*01*011900445*DA*0000009146*1066033492**01*071901604*DA*610058134*20250813~
TRN*1*882521901000148*1066033492~
REF*EV*562291693~
DTM*405*20250808~
N1*PR*AETNA~
N3*151 FARMINGTON AVENUE~
N4*HARTFORD*CT*06156~
PER*BL*Provider Service~
N1*PE*Holista LLC.*XX*1649443912~
N3*N92W14612 Anthony Ave~
N4*Menomonee Falls*WI*53051~
REF*PQ*981400720~
REF*TJ*391938014~
LX*5~
TS3*0007233158*11*20251231*3*164~
CLP*00000000003453300*1*164*57.67*15*12*ER59P4XTM0001*11*1~
NM1*QC*1*ELLIS*JEROLD****MI*101594572400~
REF*1L*000003-CO000016~
REF*CE*PPO - Medicare (Aetna)~
DTM*232*20250731~
DTM*233*20250731~
DTM*050*20250805~
PER*CX**TE*8886323862~
AMT*AU*164~
SVC*HC:97112:GP*52*15.05**1~
DTM*472*20250731~
CAS*CO*45*21.95~
CAS*PR*3*15~
REF*6R*00000000001~
AMT*B6*30.05~
LQ*HE*N59~
SVC*HC:97110:GP*50*21.96**1~
DTM*472*20250731~
CAS*CO*59*28.04~
REF*6R*00000000002~
AMT*B6*21.96~
SVC*HC:97140:GP*62*20.66**1~
DTM*472*20250731~
CAS*CO*59*41.34~
REF*6R*00000000003~
AMT*B6*20.66~
SE*43*3975~
GE*1*90564~
IEA*1*000090679~